:20:20250325
:25:200000/73988384
:28:45084/01
:60F:C250325GBP182,53
:61:2503250325DP8,25NCHK102145
:86:999/00102145
:61:2503250325DP14,31NCHK102117
:86:999/00102117
:61:2503250325DP19,11NCHK102121
:86:999/00102121
:61:2503250325DP20,07NCHK102102
:86:999/00102102
:61:2503250325DP24,43NCHK102140
:86:999/00102140
:61:2503250325DP25,75FDR NONREF
:86:999/00DR200000 73988384       COMM 02Dec/02Mar
:62F:C250325GBP70,61
:64:C250325GBP70,61
